@article{fruhwirth2010bayesian,
  title={Bayesian inference for finite mixtures of univariate and multivariate skew-normal and skew-t distributions},
  author={Fr{\"u}hwirth-Schnatter, Sylvia and Pyne, Saumyadipta},
  journal={Biostatistics},
  volume={11},
  number={2},
  pages={317--336},
  year={2010},
  publisher={Oxford University Press}
}

% This should not be here
